<?xml version="1.0" encoding="UTF-8"?><collection xmlns="http://www.loc.gov/MARC21/slim"><record><leader>00328nam--2200121-i-4500</leader><controlfield tag="001">000023428</controlfield><controlfield tag="002">20161230</controlfield><controlfield tag="005">20161230201035</controlfield><controlfield tag="008">060222s1000------------r-----000-0-eng-d</controlfield><datafield ind1=" " ind2=" " tag="100"><subfield code="a">Horrigan, Philip A</subfield></datafield><datafield ind1=" " ind2=" " tag="245"><subfield code="a">A loboratory manual:the challenge of chemistry</subfield></datafield><datafield ind1=" " ind2=" " tag="260"><subfield code="a">New York, Mcgraw-hill Co., 1972. Xi + 196p</subfield></datafield><datafield ind1=" " ind2=" " tag="852"><subfield code="a">41948</subfield></datafield></record></collection>